<?xml version="1.0" encoding="UTF-8"?>
  <record xmlns="http://www.loc.gov/MARC21/slim" type="Authority">
    <leader>00000nz  a2200000nc 4500</leader>
    <controlfield tag="001">118691007</controlfield>
    <controlfield tag="003">DE-101</controlfield>
    <controlfield tag="005">20220608003025.0</controlfield>
    <controlfield tag="008">880701n||azznnaabn           | aaa    |c</controlfield>
    <datafield tag="024" ind1="7" ind2=" ">
      <subfield code="a">118691007</subfield>
      <subfield code="0">http://d-nb.info/gnd/118691007</subfield>
      <subfield code="2">gnd</subfield>
    </datafield>
    <datafield tag="035" ind1=" " ind2=" ">
      <subfield code="a">(DE-101)118691007</subfield>
    </datafield>
    <datafield tag="035" ind1=" " ind2=" ">
      <subfield code="a">(DE-588)118691007</subfield>
    </datafield>
    <datafield tag="035" ind1=" " ind2=" ">
      <subfield code="z">(DE-588)1089139977</subfield>
    </datafield>
    <datafield tag="035" ind1=" " ind2=" ">
      <subfield code="z">(DE-588)109025542X</subfield>
    </datafield>
    <datafield tag="035" ind1=" " ind2=" ">
      <subfield code="z">(DE-588)189430729</subfield>
    </datafield>
    <datafield tag="035" ind1=" " ind2=" ">
      <subfield code="z">(DE-588a)189430729</subfield>
      <subfield code="9">v:zg</subfield>
    </datafield>
    <datafield tag="035" ind1=" " ind2=" ">
      <subfield code="z">(DE-588c)7799585-5</subfield>
      <subfield code="9">v:zg</subfield>
    </datafield>
    <datafield tag="035" ind1=" " ind2=" ">
      <subfield code="z">(DE-588)18801196X</subfield>
    </datafield>
    <datafield tag="035" ind1=" " ind2=" ">
      <subfield code="z">(DE-588a)18801196X</subfield>
      <subfield code="9">v:zg</subfield>
    </datafield>
    <datafield tag="035" ind1=" " ind2=" ">
      <subfield code="z">(DE-588a)118691007</subfield>
      <subfield code="9">v:zg</subfield>
    </datafield>
    <datafield tag="035" ind1=" " ind2=" ">
      <subfield code="z">(DE-588a)140933840</subfield>
    </datafield>
    <datafield tag="035" ind1=" " ind2=" ">
      <subfield code="z">(DE-588a)119685213</subfield>
    </datafield>
    <datafield tag="035" ind1=" " ind2=" ">
      <subfield code="z">(DE-588c)4092892-5</subfield>
      <subfield code="9">v:zg</subfield>
    </datafield>
    <datafield tag="040" ind1=" " ind2=" ">
      <subfield code="a">DE-101</subfield>
      <subfield code="c">DE-101</subfield>
      <subfield code="9">r:DE-101</subfield>
      <subfield code="b">ger</subfield>
      <subfield code="d">9999</subfield>
      <subfield code="e">rda</subfield>
    </datafield>
    <datafield tag="042" ind1=" " ind2=" ">
      <subfield code="a">gnd1</subfield>
    </datafield>
    <datafield tag="043" ind1=" " ind2=" ">
      <subfield code="c">XA-DE</subfield>
    </datafield>
    <datafield tag="065" ind1=" " ind2=" ">
      <subfield code="a">3.6p</subfield>
      <subfield code="2">sswd</subfield>
    </datafield>
    <datafield tag="065" ind1=" " ind2=" ">
      <subfield code="a">12.2p</subfield>
      <subfield code="2">sswd</subfield>
    </datafield>
    <datafield tag="075" ind1=" " ind2=" ">
      <subfield code="b">p</subfield>
      <subfield code="2">gndgen</subfield>
    </datafield>
    <datafield tag="075" ind1=" " ind2=" ">
      <subfield code="b">piz</subfield>
      <subfield code="2">gndspec</subfield>
    </datafield>
    <datafield tag="079" ind1=" " ind2=" ">
      <subfield code="a">g</subfield>
      <subfield code="q">a</subfield>
      <subfield code="q">d</subfield>
      <subfield code="q">f</subfield>
      <subfield code="q">n</subfield>
      <subfield code="q">s</subfield>
      <subfield code="u">v</subfield>
      <subfield code="u">w</subfield>
      <subfield code="u">o</subfield>
    </datafield>
    <datafield tag="100" ind1="0" ind2=" ">
      <subfield code="a">Gertrud</subfield>
      <subfield code="c">von Helfta, Heilige</subfield>
      <subfield code="d">1256-1302</subfield>
    </datafield>
    <datafield tag="375" ind1=" " ind2=" ">
      <subfield code="a">2</subfield>
      <subfield code="2">iso5218</subfield>
    </datafield>
    <datafield tag="400" ind1="0" ind2=" ">
      <subfield code="a">Gertrudis</subfield>
      <subfield code="c">de Helfta</subfield>
      <subfield code="d">1256-1302</subfield>
    </datafield>
    <datafield tag="400" ind1="0" ind2=" ">
      <subfield code="a">Gertrud</subfield>
      <subfield code="c">the Great</subfield>
      <subfield code="d">1256-1302</subfield>
    </datafield>
    <datafield tag="400" ind1="0" ind2=" ">
      <subfield code="a">Gertrude</subfield>
      <subfield code="c">Sainte</subfield>
      <subfield code="d">1256-1302</subfield>
    </datafield>
    <datafield tag="400" ind1="0" ind2=" ">
      <subfield code="a">Gertrude</subfield>
      <subfield code="c">la Grande</subfield>
      <subfield code="d">1256-1302</subfield>
    </datafield>
    <datafield tag="400" ind1="0" ind2=" ">
      <subfield code="a">Gertrudis</subfield>
      <subfield code="c">von Helfta</subfield>
      <subfield code="d">1256-1302</subfield>
      <subfield code="9">v:(VD-16)</subfield>
    </datafield>
    <datafield tag="400" ind1="0" ind2=" ">
      <subfield code="a">Gertruda</subfield>
      <subfield code="c">ab Helfta</subfield>
      <subfield code="d">1256-1302</subfield>
    </datafield>
    <datafield tag="400" ind1="0" ind2=" ">
      <subfield code="a">Gertrude</subfield>
      <subfield code="c">Saint</subfield>
      <subfield code="d">1256-1302</subfield>
    </datafield>
    <datafield tag="400" ind1="0" ind2=" ">
      <subfield code="a">Gertrude</subfield>
      <subfield code="c">Heilige</subfield>
      <subfield code="d">1256-1302</subfield>
    </datafield>
    <datafield tag="400" ind1="0" ind2=" ">
      <subfield code="a">Gertrude</subfield>
      <subfield code="c">the Great</subfield>
      <subfield code="d">1256-1302</subfield>
    </datafield>
    <datafield tag="400" ind1="0" ind2=" ">
      <subfield code="a">Gertrudis</subfield>
      <subfield code="c">ab Helfta</subfield>
      <subfield code="d">1256-1302</subfield>
    </datafield>
    <datafield tag="400" ind1="0" ind2=" ">
      <subfield code="a">Gertrudis</subfield>
      <subfield code="c">Abbatissa</subfield>
      <subfield code="d">1256-1302</subfield>
    </datafield>
    <datafield tag="400" ind1="0" ind2=" ">
      <subfield code="a">Gertrudis</subfield>
      <subfield code="c">Elpediani</subfield>
      <subfield code="d">1256-1302</subfield>
    </datafield>
    <datafield tag="400" ind1="0" ind2=" ">
      <subfield code="a">Gertrudis</subfield>
      <subfield code="c">Sancta</subfield>
      <subfield code="d">1256-1302</subfield>
    </datafield>
    <datafield tag="400" ind1="0" ind2=" ">
      <subfield code="a">Gertrudis</subfield>
      <subfield code="c">Heilige</subfield>
      <subfield code="d">1256-1302</subfield>
    </datafield>
    <datafield tag="400" ind1="1" ind2=" ">
      <subfield code="a">Helfta, Gertrudis &#152;de&#156;</subfield>
      <subfield code="d">1256-1302</subfield>
    </datafield>
    <datafield tag="400" ind1="0" ind2=" ">
      <subfield code="a">Gertrude</subfield>
      <subfield code="c">of Helfta</subfield>
      <subfield code="d">1256-1302</subfield>
    </datafield>
    <datafield tag="400" ind1="0" ind2=" ">
      <subfield code="a">Gertrud</subfield>
      <subfield code="d">1256-1302</subfield>
    </datafield>
    <datafield tag="400" ind1="0" ind2=" ">
      <subfield code="a">Gertrud</subfield>
      <subfield code="c">Sankt</subfield>
      <subfield code="d">1256-1302</subfield>
    </datafield>
    <datafield tag="400" ind1="0" ind2=" ">
      <subfield code="a">Gertrud</subfield>
      <subfield code="c">Heilige</subfield>
      <subfield code="d">1256-1302</subfield>
    </datafield>
    <datafield tag="400" ind1="0" ind2=" ">
      <subfield code="a">Getrude</subfield>
      <subfield code="c">von Helfta</subfield>
      <subfield code="d">1256-1302</subfield>
    </datafield>
    <datafield tag="400" ind1="0" ind2=" ">
      <subfield code="a">Gertrud</subfield>
      <subfield code="c">Die Große</subfield>
      <subfield code="d">1256-1302</subfield>
    </datafield>
    <datafield tag="400" ind1="0" ind2=" ">
      <subfield code="a">Sancta Gertrudis</subfield>
      <subfield code="d">1256-1302</subfield>
    </datafield>
    <datafield tag="400" ind1="0" ind2=" ">
      <subfield code="a">Abbatissa Gertrudis</subfield>
      <subfield code="d">1256-1302</subfield>
    </datafield>
    <datafield tag="400" ind1="1" ind2=" ">
      <subfield code="a">Elpediani, Gertrudis</subfield>
      <subfield code="d">1256-1302</subfield>
    </datafield>
    <datafield tag="400" ind1="0" ind2=" ">
      <subfield code="a">Gertrudis</subfield>
      <subfield code="c">z Helfty</subfield>
      <subfield code="d">1256-1302</subfield>
    </datafield>
    <datafield tag="400" ind1="1" ind2=" ">
      <subfield code="a">Helfta, Gertrudis &#152;ab&#156;</subfield>
      <subfield code="d">1256-1302</subfield>
    </datafield>
    <datafield tag="400" ind1="1" ind2=" ">
      <subfield code="a">Magna, Gertrudis</subfield>
      <subfield code="d">1256-1302</subfield>
    </datafield>
    <datafield tag="400" ind1="0" ind2=" ">
      <subfield code="a">Gertrud</subfield>
      <subfield code="c">Von Helfta</subfield>
      <subfield code="d">1256-1302</subfield>
    </datafield>
    <datafield tag="400" ind1="0" ind2=" ">
      <subfield code="a">Gertrude</subfield>
      <subfield code="c">D'Helfta</subfield>
      <subfield code="d">1256-1302</subfield>
    </datafield>
    <datafield tag="400" ind1="1" ind2=" ">
      <subfield code="a">Helfta, Gertrude</subfield>
      <subfield code="d">1256-1302</subfield>
    </datafield>
    <datafield tag="400" ind1="0" ind2=" ">
      <subfield code="a">Saint Gertrude</subfield>
      <subfield code="d">1256-1302</subfield>
    </datafield>
    <datafield tag="400" ind1="0" ind2=" ">
      <subfield code="a">Gertrude</subfield>
      <subfield code="c">The Great</subfield>
      <subfield code="d">1256-1302</subfield>
    </datafield>
    <datafield tag="400" ind1="1" ind2=" ">
      <subfield code="a">Great, Gertrudis &#152;The&#156;</subfield>
      <subfield code="d">1256-1302</subfield>
    </datafield>
    <datafield tag="400" ind1="1" ind2=" ">
      <subfield code="a">Große, Gertrud &#152;Die&#156;</subfield>
      <subfield code="d">1256-1302</subfield>
    </datafield>
    <datafield tag="400" ind1="1" ind2=" ">
      <subfield code="a">D'Helfta, Gertrude</subfield>
      <subfield code="d">1256-1302</subfield>
    </datafield>
    <datafield tag="400" ind1="1" ind2=" ">
      <subfield code="a">Dehelfta, Gertrudis</subfield>
      <subfield code="d">1256-1302</subfield>
    </datafield>
    <datafield tag="400" ind1="1" ind2=" ">
      <subfield code="a">De Helfta, Gertrudis</subfield>
      <subfield code="d">1256-1302</subfield>
    </datafield>
    <datafield tag="400" ind1="1" ind2=" ">
      <subfield code="a">Diegroße, Gertrud</subfield>
      <subfield code="d">1256-1302</subfield>
    </datafield>
    <datafield tag="400" ind1="1" ind2=" ">
      <subfield code="a">Die Große, Gertrud</subfield>
      <subfield code="d">1256-1302</subfield>
    </datafield>
    <datafield tag="400" ind1="1" ind2=" ">
      <subfield code="a">Abhelfta, Gertrudis</subfield>
      <subfield code="d">1256-1302</subfield>
    </datafield>
    <datafield tag="400" ind1="1" ind2=" ">
      <subfield code="a">Ab Helfta, Gertrudis</subfield>
      <subfield code="d">1256-1302</subfield>
    </datafield>
    <datafield tag="400" ind1="1" ind2=" ">
      <subfield code="a">Thegreat, Gertrudis</subfield>
      <subfield code="d">1256-1302</subfield>
    </datafield>
    <datafield tag="400" ind1="1" ind2=" ">
      <subfield code="a">The Great, Gertrudis</subfield>
      <subfield code="d">1256-1302</subfield>
    </datafield>
    <datafield tag="400" ind1="1" ind2=" ">
      <subfield code="a">Vonhelfta, Gertrud</subfield>
      <subfield code="d">1256-1302</subfield>
    </datafield>
    <datafield tag="400" ind1="1" ind2=" ">
      <subfield code="a">Von Helfta, Gertrud</subfield>
      <subfield code="d">1256-1302</subfield>
    </datafield>
    <datafield tag="400" ind1="0" ind2=" ">
      <subfield code="a">Gertruda</subfield>
      <subfield code="c">Ab Helfta</subfield>
      <subfield code="d">1256-1302</subfield>
    </datafield>
    <datafield tag="400" ind1="1" ind2=" ">
      <subfield code="a">Helfta, Gertruda &#152;Ab&#156;</subfield>
      <subfield code="d">1256-1302</subfield>
    </datafield>
    <datafield tag="400" ind1="1" ind2=" ">
      <subfield code="a">Abhelfta, Gertruda</subfield>
      <subfield code="d">1256-1302</subfield>
    </datafield>
    <datafield tag="400" ind1="1" ind2=" ">
      <subfield code="a">Ab Helfta, Gertruda</subfield>
      <subfield code="d">1256-1302</subfield>
    </datafield>
    <datafield tag="400" ind1="0" ind2=" ">
      <subfield code="a">Gertruda</subfield>
      <subfield code="c">Beata</subfield>
      <subfield code="d">1256-1302</subfield>
    </datafield>
    <datafield tag="400" ind1="1" ind2=" ">
      <subfield code="a">Helfta, Gertrud &#152;von&#156;</subfield>
      <subfield code="d">1256-1302</subfield>
    </datafield>
    <datafield tag="400" ind1="0" ind2=" ">
      <subfield code="a">Gertrud</subfield>
      <subfield code="c">die Grosse</subfield>
      <subfield code="d">1256-1302</subfield>
    </datafield>
    <datafield tag="400" ind1="0" ind2=" ">
      <subfield code="a">Gertrude</subfield>
      <subfield code="c">d'Helfta</subfield>
      <subfield code="d">1256-1302</subfield>
    </datafield>
    <datafield tag="400" ind1="0" ind2=" ">
      <subfield code="a">Gertrudis</subfield>
      <subfield code="c">Magna</subfield>
      <subfield code="d">1256-1302</subfield>
    </datafield>
    <datafield tag="400" ind1="0" ind2=" ">
      <subfield code="a">Gertrud</subfield>
      <subfield code="c">die Grosse von Helfta</subfield>
      <subfield code="d">1256-1302</subfield>
    </datafield>
    <datafield tag="400" ind1="0" ind2=" ">
      <subfield code="a">Gertrud</subfield>
      <subfield code="c">von Hackeborn</subfield>
      <subfield code="d">1256-1302</subfield>
    </datafield>
    <datafield tag="500" ind1="0" ind2=" ">
      <subfield code="0">(DE-101)123259363</subfield>
      <subfield code="0">(DE-588)123259363</subfield>
      <subfield code="0">https://d-nb.info/gnd/123259363</subfield>
      <subfield code="a">Dietrich</subfield>
      <subfield code="c">Buxheim, Prior</subfield>
      <subfield code="d">1495-1554</subfield>
      <subfield code="4">beza</subfield>
      <subfield code="4">https://d-nb.info/standards/elementset/gnd#acquaintanceshipOrFriendship</subfield>
      <subfield code="w">r</subfield>
      <subfield code="i">Bekanntschaft</subfield>
      <subfield code="e">Bekanntschaft</subfield>
      <subfield code="9">v:VD-16 Mitverf.</subfield>
    </datafield>
    <datafield tag="500" ind1="0" ind2=" ">
      <subfield code="0">(DE-101)118578049</subfield>
      <subfield code="0">(DE-588)118578049</subfield>
      <subfield code="0">https://d-nb.info/gnd/118578049</subfield>
      <subfield code="a">Marcus</subfield>
      <subfield code="c">von Weida</subfield>
      <subfield code="d">1450-1516</subfield>
      <subfield code="4">beza</subfield>
      <subfield code="4">https://d-nb.info/standards/elementset/gnd#acquaintanceshipOrFriendship</subfield>
      <subfield code="w">r</subfield>
      <subfield code="i">Bekanntschaft</subfield>
      <subfield code="e">Bekanntschaft</subfield>
      <subfield code="9">v:VD-16 Mitverf.</subfield>
    </datafield>
    <datafield tag="500" ind1="0" ind2=" ">
      <subfield code="0">(DE-101)118732439</subfield>
      <subfield code="0">(DE-588)118732439</subfield>
      <subfield code="0">https://d-nb.info/gnd/118732439</subfield>
      <subfield code="a">Mechthild</subfield>
      <subfield code="c">von Hackeborn</subfield>
      <subfield code="d">1241-1291</subfield>
      <subfield code="4">beza</subfield>
      <subfield code="4">https://d-nb.info/standards/elementset/gnd#acquaintanceshipOrFriendship</subfield>
      <subfield code="w">r</subfield>
      <subfield code="i">Bekanntschaft</subfield>
      <subfield code="e">Bekanntschaft</subfield>
      <subfield code="9">v:VD-16 Mitverf.</subfield>
    </datafield>
    <datafield tag="500" ind1="1" ind2=" ">
      <subfield code="a">Blois, François Louis &#152;de&#156;</subfield>
      <subfield code="4">beza</subfield>
      <subfield code="4">https://d-nb.info/standards/elementset/gnd#acquaintanceshipOrFriendship</subfield>
      <subfield code="w">r</subfield>
      <subfield code="i">Bekanntschaft</subfield>
      <subfield code="e">Bekanntschaft</subfield>
      <subfield code="9">v:VD-16 Mitverf.</subfield>
    </datafield>
    <datafield tag="500" ind1="1" ind2=" ">
      <subfield code="0">(DE-101)100299393</subfield>
      <subfield code="0">(DE-588)100299393</subfield>
      <subfield code="0">https://d-nb.info/gnd/100299393</subfield>
      <subfield code="a">Landsberg, Johannes Justus</subfield>
      <subfield code="d">1490-1539</subfield>
      <subfield code="4">beza</subfield>
      <subfield code="4">https://d-nb.info/standards/elementset/gnd#acquaintanceshipOrFriendship</subfield>
      <subfield code="w">r</subfield>
      <subfield code="i">Bekanntschaft</subfield>
      <subfield code="e">Bekanntschaft</subfield>
      <subfield code="9">v:VD-16 Mitverf.</subfield>
    </datafield>
    <datafield tag="510" ind1="2" ind2=" ">
      <subfield code="0">(DE-101)041909712</subfield>
      <subfield code="0">(DE-588)4190971-9</subfield>
      <subfield code="0">https://d-nb.info/gnd/4190971-9</subfield>
      <subfield code="a">Zisterzienserinnen</subfield>
      <subfield code="4">affi</subfield>
      <subfield code="4">https://d-nb.info/standards/elementset/gnd#affiliation</subfield>
      <subfield code="w">r</subfield>
      <subfield code="i">Affiliation</subfield>
      <subfield code="e">Affiliation</subfield>
    </datafield>
    <datafield tag="548" ind1=" " ind2=" ">
      <subfield code="a">1256-1302</subfield>
      <subfield code="4">datl</subfield>
      <subfield code="4">https://d-nb.info/standards/elementset/gnd#dateOfBirthAndDeath</subfield>
      <subfield code="w">r</subfield>
      <subfield code="i">Lebensdaten</subfield>
      <subfield code="9">v:Todesjahr ca.</subfield>
    </datafield>
    <datafield tag="548" ind1=" " ind2=" ">
      <subfield code="a">06.01.1256-XX.XX.1302</subfield>
      <subfield code="4">datx</subfield>
      <subfield code="4">https://d-nb.info/standards/elementset/gnd#dateOfBirthAndDeath</subfield>
      <subfield code="w">r</subfield>
      <subfield code="i">Exakte Lebensdaten</subfield>
    </datafield>
    <datafield tag="550" ind1=" " ind2=" ">
      <subfield code="0">(DE-101)040754340</subfield>
      <subfield code="0">(DE-588)4075434-0</subfield>
      <subfield code="0">https://d-nb.info/gnd/4075434-0</subfield>
      <subfield code="a">Nonne</subfield>
      <subfield code="4">berc</subfield>
      <subfield code="4">https://d-nb.info/standards/elementset/gnd#professionOrOccupation</subfield>
      <subfield code="w">r</subfield>
      <subfield code="i">Charakteristischer Beruf</subfield>
    </datafield>
    <datafield tag="550" ind1=" " ind2=" ">
      <subfield code="0">(DE-101)042046866</subfield>
      <subfield code="0">(DE-588)4204686-5</subfield>
      <subfield code="0">https://d-nb.info/gnd/4204686-5</subfield>
      <subfield code="a">Mystikerin</subfield>
      <subfield code="4">beru</subfield>
      <subfield code="4">https://d-nb.info/standards/elementset/gnd#professionOrOccupation</subfield>
      <subfield code="w">r</subfield>
      <subfield code="i">Beruf</subfield>
    </datafield>
    <datafield tag="550" ind1=" " ind2=" ">
      <subfield code="0">(DE-101)041176065</subfield>
      <subfield code="0">(DE-588)4117606-6</subfield>
      <subfield code="0">https://d-nb.info/gnd/4117606-6</subfield>
      <subfield code="a">Heilige</subfield>
      <subfield code="4">obin</subfield>
      <subfield code="4">https://d-nb.info/standards/elementset/gnd#broaderTermInstantial</subfield>
      <subfield code="w">r</subfield>
      <subfield code="i">Oberbegriff instantiell</subfield>
    </datafield>
    <datafield tag="551" ind1=" " ind2=" ">
      <subfield code="0">(DE-101)1130194205</subfield>
      <subfield code="0">(DE-588)1130194205</subfield>
      <subfield code="0">https://d-nb.info/gnd/1130194205</subfield>
      <subfield code="a">Helfta</subfield>
      <subfield code="4">orts</subfield>
      <subfield code="4">https://d-nb.info/standards/elementset/gnd#placeOfDeath</subfield>
      <subfield code="w">r</subfield>
      <subfield code="i">Sterbeort</subfield>
    </datafield>
    <datafield tag="670" ind1=" " ind2=" ">
      <subfield code="a">B Wissen</subfield>
    </datafield>
    <datafield tag="672" ind1=" " ind2="0">
      <subfield code="a">Gertrudis &lt;von Helfta&gt;: INSINVATIONVM DIVINAE PIETATIS LIBRI quin\[que], totius Christiane̜ perfectionis summã ... 1536. (VD16 G 1636)</subfield>
    </datafield>
    <datafield tag="672" ind1=" " ind2="0">
      <subfield code="a">Gertrudis &lt;von Helfta&gt;: INSINVATIONVM DIVINAE PIETATIS LIBRI quin\[que], totius Christiane̜ perfectionis summã ... 1536. (VD16 G 1637)</subfield>
    </datafield>
    <datafield tag="672" ind1=" " ind2="0">
      <subfield code="a">Gertrudis &lt;von Helfta&gt;: INSINVATIONVM DIVINAE PIETATIS LIB. V. TOTIVS CHRISTIANAE ET spiritualis profectionis ... 1588. (VD16 B 7383)</subfield>
    </datafield>
    <datafield tag="672" ind1=" " ind2="0">
      <subfield code="a">Gertrudis &lt;von Helfta&gt;: INSINVATIONVM DIVINAE PIETATIS LIB. V. TOTIVS CHRISTIANAE ET spiritualis profectionis ... 1588. (VD16 B 7384)</subfield>
    </datafield>
    <datafield tag="672" ind1=" " ind2="0">
      <subfield code="a">Gertrudis &lt;von Helfta&gt;: INSINVATIONVM DIVIVINAE PIETATIS LIB. V. Totius Christianae &amp; spiritualis ... 1579. (VD16 B 7382)</subfield>
    </datafield>
    <datafield tag="672" ind1=" " ind2="0">
      <subfield code="a">Mechthildis &lt;von Hackeborn&gt;: Liber spiritualis gratiae. 1503. (VD16 M 1784)</subfield>
    </datafield>
    <datafield tag="672" ind1=" " ind2="0">
      <subfield code="a">Mechthildis &lt;von Hackeborn&gt;: Speculum spiritalis gracie ac mirabiliũ reuelationũ diuinitus factarũ sacris virginibus ... 1510. (VD16 M 1783)</subfield>
    </datafield>
    <datafield tag="672" ind1=" " ind2="0">
      <subfield code="a">Mechthildis &lt;von Hackeborn&gt;: Von wem und wie das Jungfrauenkloster Helfta ... gestiftet wurde. 1597. (VD16 M 1787)</subfield>
    </datafield>
    <datafield tag="672" ind1=" " ind2="0">
      <subfield code="a">Gertrudis &lt;de Helfta&gt;: Daß Leben und Offenbahrungen der heiligen Jungfrau Gertrudis</subfield>
      <subfield code="f">1657</subfield>
    </datafield>
    <datafield tag="672" ind1=" " ind2="0">
      <subfield code="a">Gertrudis &lt;de Helfta&gt;: Das Leben und Offenbarungen der heiligen Jungfrau Gertrudis</subfield>
      <subfield code="f">1674</subfield>
    </datafield>
    <datafield tag="672" ind1=" " ind2="0">
      <subfield code="a">Diotallevi, Alessandro: Antrib zu wahrer Andacht</subfield>
      <subfield code="f">1717</subfield>
    </datafield>
    <datafield tag="672" ind1=" " ind2="0">
      <subfield code="a">Gertrudis &lt;de Helfta&gt;: Daß Leben und Offenbahrungen</subfield>
      <subfield code="f">1657</subfield>
    </datafield>
    <datafield tag="672" ind1=" " ind2="0">
      <subfield code="a">Ora pro nobis</subfield>
      <subfield code="f">1988</subfield>
    </datafield>
    <datafield tag="678" ind1=" " ind2=" ">
      <subfield code="b">Zisterzienserin; Benediktinerin; Dt. Ordensfrau und Mystikerin</subfield>
    </datafield>
    <datafield tag="913" ind1=" " ind2=" ">
      <subfield code="S">pnd</subfield>
      <subfield code="i">5</subfield>
      <subfield code="a">Gertrudis &lt;de Helfta&gt;</subfield>
      <subfield code="0">(DE-588a)118691007</subfield>
    </datafield>
    <datafield tag="913" ind1=" " ind2=" ">
      <subfield code="S">pnd</subfield>
      <subfield code="i">5</subfield>
      <subfield code="a">Gertrud &lt;von Helfta&gt;</subfield>
      <subfield code="0">(DE-588a)118691007</subfield>
    </datafield>
    <datafield tag="913" ind1=" " ind2=" ">
      <subfield code="S">pnd</subfield>
      <subfield code="i">5</subfield>
      <subfield code="a">Gertrudis &lt;De Helfta&gt;</subfield>
      <subfield code="0">(DE-588a)18801196X</subfield>
    </datafield>
    <datafield tag="913" ind1=" " ind2=" ">
      <subfield code="S">pnd</subfield>
      <subfield code="i">5</subfield>
      <subfield code="a">Gertrud &lt;Heilige&gt;</subfield>
      <subfield code="0">(DE-588a)189430729</subfield>
    </datafield>
  </record>
